@book{BasicAnatomy,
  author    = {Tortora GJ, Grabowski SR (eds)}, 
  title     = {Principles of anatomy and
physiology},
  publisher = {Wiley},
  year      = 2000,
  address   = {New York},
  edition   = 9,
}

@book{ConductionSystem,
  author    = {Paul A. Laizzo (Editor)}, 
  title     = {Handbook of Cardiac Anatomy, Physiology, and Devices},
  publisher = {Springer International Publishing},
  year      = 2015,
  address   = {Switzerland},
  edition   = 3,
}

@book{heart1,
  author    = {Alexander RW, Schlant RC, Fuster V (eds)}, 
  title     = {Hurst’s the heart,
arteries and veins},
  publisher = {McGraw-Hill},
  year      = 1998,
  address   = {New York},
  edition   = 9,
}

@book{heart2,
  author    = {Henry Grey, Peter L Williams}, 
  title     = {Grey's Anatomy},
  publisher = {Churchill Livingstone},
  year      = 1989,
  address   = {London},
  edition   = 37,
}

@book{ecg,
  author    = {Piero Colli Franzone, Luca Franco Pavarino, Simone Scacchi}, 
  title     = {Mathematical Cardiac Electrophysiology},
  publisher = {Springer International Publishing},
  year      = 2014,
  address   = {Switzerland},
  volume    = 13,
}

@misc{wiggers,
  title        = {Wiggers Diagram},
  howpublished = {Wikimedia Commons},
  month        = Nov,
  year         = 2011,
  note         = {URL: https://commons.wikimedia.org/wiki/File:Wiggers\_Diagram.png},
}

@misc{Simpleelectronic,
title = {Ion channel},
howpublished = {Wikimedia Commons},
month = jan,
year = 2009, 
note = {URL: https://commons.wikimedia.org/wiki/File:Ion\_channel.png},
}


@book{ionconc,
  author    = {Katz AM (Editor)}, 
  title     = {Physiology of the Heart},
  year      = 2001,
  edition   = 3,
}

@book{gapjunctions,
  author    = {Stefan Dhein}, 
  title     = {Cardiac Gap Junctions},
  publisher = {Karger},
  year      = 1998,
  address   = {Switzerland},
}

@misc{diseaserate,
  author    = {NHS},
  title     = {Coronary heart disease},
  month     = Feb,
  year      = 2017,
  note      = {URL: http://www.nhs.uk/Conditions/Coronary-heart-disease/Pages/Introduction.aspx},
}

@article{stepfunction,
author="Barta, E.
and Adam, D.
and Salant, E.
and Sideman, S.",
title="3-D ventricular myocardial electrical excitation: A minimal orthogonal pathways model",
journal="Annals of Biomedical Engineering",
year="1987",
volume="15",
number="5",
pages="443--456",
}

@article{retangularfunction,
 ISSN = {00278424},
 author = {Joseph M. Smith and Richard J. Cohen},
 journal = {Proceedings of the National Academy of Sciences of the United States of America},
 number = {1},
 pages = {233-237},
 publisher = {National Academy of Sciences},
 title = {Simple Finite-Element Model Accounts for Wide Range of Cardiac Dysrhythmias},
 volume = {81},
 year = {1984}
}

@article{imitationactionpotential, 
author={M. Restivo and W. Craelius and W. B. Gough and N. El-Sherif}, 
journal={IEEE Transactions on Biomedical Engineering}, 
title={A logical state model of reentrant ventricular activation}, 
year={1990}, 
volume={37}, 
number={4}, 
pages={344-353},  
month={April},
}

@article{averageovercells, 
author={D. R. Adam}, 
journal={IEEE Transactions on Biomedical Engineering}, 
title={Propagation of depolarization and repolarization processes in the myocardium-an anisotropic model}, 
year={1991}, 
volume={38}, 
number={2}, 
pages={133-141}, 
month={Feb},
}

@Article{hodgkinhuxley,
author="Hodgkin, A. L.
and Huxley, A. F.",
title="A quantitative description of membrane current and its application to conduction and excitation in nerve",
journal="Bulletin of Mathematical Biology",
year="1990",
volume="52",
number="1",
pages="25--71",
}

@article {difrancesconobel,
author = {DiFrancesco, D. and Noble, D.},
title = {A Model of Cardiac Electrical Activity Incorporating Ionic Pumps and Concentration Changes},
volume = {307},
number = {1133},
pages = {353--398},
year = {1985},
doi = {10.1098/rstb.1985.0001},
publisher = {The Royal Society},
journal = {Philosophical Transactions of the Royal Society of London B: Biological Sciences}
}

@article {beelerreuter,
author = {Beeler, G. W. and Reuter, H.},
title = {Reconstruction of the action potential of ventricular myocardial fibres},
journal = {The Journal of Physiology},
volume = {268},
number = {1},
pages = {177--210},
year = {1977},
}

@article {fitzhugh,
author = {FitzHugh, R.},
title = {Impulses and Physiological States in Theoretical Models of Nerve Membrane},
journal = {Biophysical Journal},
volume = {1},
number = {6},
pages = {445--466},
year = {1961}
}

@article {fitzhughnagumo,
author={J. Nagumo and S. Arimoto and S. Yoshizawa}, 
journal={Proceedings of the IRE}, 
title={An Active Pulse Transmission Line Simulating Nerve Axon},
year={1962}, 
volume={50}, 
number={10}, 
pages={2061-2070}, 
month={Oct},
}

@book {phdpaper,
author = {M. A. Colman},
title = {Mechanisms of Atrial Arrhythmias},
publisher = {Springer},
year = {2014},
address = {Switzerland},
}

@article{unansweredquestions,
title = "Models of cardiac tissue electrophysiology: Progress, challenges and open questions ",
journal = "Progress in Biophysics and Molecular Biology ",
volume = "104",
number = "1–3",
pages = "22 - 48",
year = "2011",
author = "R.H. Clayton and O. Bernus and E.M. Cherry and H. Dierckx and F.H. Fenton and L. Mirabella and A.V. Panfilov and F.B. Sachse and G. Seemann and H. Zhang",
}

@article{3transistor,
author = {Jarrett L. Lancaster and Edward H. Hellen and Esther M. Leise},
title = {Modeling excitable systems: Reentrant tachycardia},
journal = {American Journal of Physics},
volume = {78},
number = {1},
pages = {56-63},
year = {2010},
}

@article {einstien,
author = {Einstein, A.},
title = {Eine neue Bestimmung der Moleküldimensionen [AdP 19, 289 (1906)]},
journal = {Annalen der Physik},
volume = {14},
number = {S1},
publisher = {WILEY-VCH Verlag},
pages = {229--247},
year = {2005},
}

@article {zhangsan,
	author = {Zhang, H. and Holden, A. V. and Kodama, I. and Honjo, H. and Lei, M. and Varghese, T. and Boyett, M. R.},
	title = {Mathematical models of action potentials in the periphery and center of the rabbit sinoatrial node},
	volume = {279},
	number = {1},
	pages = {H397--H421},
	year = {2000},
	publisher = {American Physiological Society},
	journal = {American Journal of Physiology - Heart and Circulatory Physiology}
}

@article {severisan,
author = {Severi, Stefano and Fantini, Matteo and Charawi, Lara A. and DiFrancesco, Dario},
title = {An updated computational model of rabbit sinoatrial action potential to investigate the mechanisms of heart rate modulation},
journal = {The Journal of Physiology},
volume = {590},
number = {18},
publisher = {Blackwell Publishing Ltd},
pages = {4483--4499},
year = {2012},
}

@article {nygrenatrial,
	author = {Nygren, A. and Fiset, C. and Firek, L. and Clark, J. W. and Lindblad, D. S. and Clark, R. B. and Giles, W. R.},
	title = {Mathematical Model of an Adult Human Atrial Cell},
	volume = {82},
	number = {1},
	pages = {63--81},
	year = {1998},
	doi = {10.1161/01.RES.82.1.63},
	publisher = {American Heart Association, Inc.},
	journal = {Circulation Research}
}

@article {DiFrancescoNoble,
	author = {DiFrancesco, D. and Noble, D.},
	title = {A Model of Cardiac Electrical Activity Incorporating Ionic Pumps and Concentration Changes},
	volume = {307},
	number = {1133},
	pages = {353--398},
	year = {1985},
	doi = {10.1098/rstb.1985.0001},
	publisher = {The Royal Society},
	journal = {Philosophical Transactions of the Royal Society B: Biological Sciences}
}

@article {luorudy,
	author = {Luo, C H and Rudy, Y},
	title = {A model of the ventricular cardiac action potential. Depolarization, repolarization, and their interaction.},
	volume = {68},
	number = {6},
	pages = {1501--1526},
	year = {1991},
	doi = {10.1161/01.RES.68.6.1501},
	publisher = {American Heart Association, Inc.},
	journal = {Circulation Research}
}

@article{JRW,
title = "Cardiac Ca2+ Dynamics: The Roles of Ryanodine Receptor Adaptation and Sarcoplasmic Reticulum Load ",
journal = "Biophysical Journal ",
volume = "74",
number = "3",
pages = "1149 - 1168",
year = "1998",
author = "M. Saleet Jafri and J. Jeremy Rice and Raimond L. Winslow"
}

@article{ohararudy,
    author = {O'Hara, Thomas AND Virág, László AND Varró, András AND Rudy, Yoram},
    journal = {PLOS Computational Biology},
    publisher = {Public Library of Science},
    title = {Simulation of the Undiseased Human Cardiac Ventricular Action Potential: Model Formulation and Experimental Validation},
    year = {2011},
    month = {05},
    volume = {7},
    pages = {1-29},
    number = {5},
}

@article{cortassa,
title = "A Computational Model Integrating Electrophysiology, Contraction, and Mitochondrial Bioenergetics in the Ventricular Myocyte ",
journal = "Biophysical Journal ",
volume = "91",
number = "4",
pages = "1564 - 1589",
year = "2006",
author = "Sonia Cortassa and Miguel A. Aon and Brian O’Rourke and Robert Jacques and Hsiang-Jer Tseng and Eduardo Marbán and Raimond L. Winslow"
}

@article {priebe,
	author = {Priebe, Leo and Beuckelmann, Dirk J.},
	title = {Simulation Study of Cellular Electric Properties in Heart Failure},
	volume = {82},
	number = {11},
	pages = {1206--1223},
	year = {1998},
	publisher = {American Heart Association, Inc.},
	journal = {Circulation Research}
}

@article{pandit,
title = "A Mathematical Model of Action Potential Heterogeneity in Adult Rat Left Ventricular Myocytes ",
journal = "Biophysical Journal ",
volume = "81",
number = "6",
pages = "3029 - 3051",
year = "2001",
author = "Sandeep V. Pandit and Robert B. Clark and Wayne R. Giles and Semahat S. Demir"
}

@article{shannon,
title = "Correction ",
journal = "Biophysical Journal ",
volume = "102",
number = "8",
pages = "1996 - 2001",
year = "2012",
author = "T.R. Shannon and F. Wang and J. Puglisi and C. Weber and D.M. Bers"
}

@article{alievpanfilov,
title = "A simple two-variable model of cardiac excitation",
journal = "Chaos, Solitons & Fractals",
volume = "7",
number = "3",
pages = "293 - 301",
year = "1996",
author = "Rubin R. Aliev and Alexander V. Panfilov",
}

@Article{mitchellSchaeffer,
author="Mitchell, Colleen C.
and Schaeffer, David G.",
title="A two-current model for the dynamics of cardiac membrane",
journal="Bulletin of Mathematical Biology",
year="2003",
volume="65",
number="5",
pages="767--793",
}

@article{fentonkarma,
author = {Flavio Fenton and Alain Karma},
title = {Vortex dynamics in three-dimensional continuous myocardium with fiber rotation: Filament instability and fibrillation},
journal = {Chaos: An Interdisciplinary Journal of Nonlinear Science},
volume = {8},
number = {1},
pages = {20-47},
year = {1998},
}

@Article{bidomain,
author="Roth, Bradley J.",
title="How the anisotropy of the intracellular and extracellular conductivities influences stimulation of cardiac muscle",
journal="Journal of Mathematical Biology",
year="1992",
volume="30",
number="6",
pages="633--646",
}

@ARTICLE{bidomainans, 
author={B. J. Roth}, 
journal={IEEE Transactions on Biomedical Engineering}, 
title={Electrical conductivity values used with the bidomain model of cardiac tissue}, 
year={1997}, 
volume={44}, 
number={4}, 
pages={326-328}, 
month={April},
}

@article{magfield,
title = "Electric and magnetic fields from two-dimensional anisotropic bisyncytia",
journal = "Biophysical Journal",
volume = "51",
number = "4",
pages = "557 - 568",
year = "1987",
note = "",
author = "N.G. Sepulveda and J.P. Wikswo",
}

@article{disttrans,
title = "Current injection into a two-dimensional anisotropic bidomain",
journal = "Biophysical Journal",
volume = "55",
number = "5",
pages = "987 - 999",
year = "1989",
note = "",
author = "N.G. Sepulveda and B.J. Roth and J.P. Wikswo",
}

@ARTICLE{shocks, 
author={N. A. Trayanova and B. J. Roth and L. J. Malden}, 
journal={IEEE Transactions on Biomedical Engineering}, 
title={The response of a spherical heart to a uniform electric field: a bidomain analysis of cardiac stimulation}, 
year={1993}, 
volume={40}, 
number={9}, 
pages={899-908}, 
month={Sept},
}

@ARTICLE{monodomain, 
author={M. Potse and B. Dube and J. Richer and A. Vinet and R. M. Gulrajani}, 
journal={IEEE Transactions on Biomedical Engineering}, 
title={A Comparison of Monodomain and Bidomain Reaction-Diffusion Models for Action Potential Propagation in the Human Heart}, 
year={2006}, 
volume={53}, 
number={12}, 
pages={2425-2435}, 
month={Dec},
}

@misc{ablation,
  author    = {British Heart Foundation},
  title     = {Ablation},
  month     = Mar,
  year      = 2017,
  note      = {URL: https://www.bhf.org.uk/heart-health/treatments/ablation},
}

@ARTICLE{vdp,
AUTHOR = {Kanamaru, T. },
TITLE   = {{V}an der {P}ol oscillator},
YEAR	= 2007,
JOURNAL	= {Scholarpedia},
VOLUME  = 2,
NUMBER  = 1,
PAGES   = 2202,
NOTE   = {{revision #138698}},
}

@article{ablation2,
Author = {beninati, Serena and Perversi, Jacopo and Scaglione, Marco and Montefusco, Antonio and Gaita, Fiorenzo},
ISSN = {01478389},
Journal = {Pacing & Clinical Electrophysiology},
Number = {4},
Pages = {e33 - e37},
Title = {Atrial Tachycardia as a Proarrhythmic Effect of Radiofrequency Catheter Ablation for Atrioventricular Nodal Reentrant Tachycardia.},
Volume = {34},
Year = {2011},
}

@article{drugs,
  author = {Grant, Augustus O.},
  year = {1997},
  title = {Mechanisms of Action of Antiarrhythmic Drugs: From Ion Channel Blockage to Arrhythmia Termination},
  journal = {Pacing and Clinical Electrophysiology},
  publisher = {Wiley Online Library},
  volume = {20},
  month = {2},
  pages = {432--444},
  number = {2},
}
